%% LaTeX2e file `DOE-temp.bib'
%% generated by the `filecontents' environment
%% from source `DOE' on 2020/06/03.
%%
@book{goossens94,
  author    = {Goossens, Michel and Mittelbach, Frank
               and Samarin, Alexander},
  title     = {The LaTeX Companion},
  date      = {1994},
  publisher = {Addison-Wesley},
  location  = {Reading, Massachusetts},
  language  = {english},
}
@book{knuth84,
  author    = {Knuth, Donald E.},
  title     = {The \TeX book},
  date      = {1984},
  maintitle = {Computers \& Typesetting},
  volume    = {A},
  publisher = {Addison-Wesley},
  location  = {Reading, Massachusetts},
  language  = {english},
}
@manual{hanisch14,
  author    = {Hanisch, Falk},
  title     = {Ein \LaTeX"=Bundle für Dokumente im neuen Corporate
               Design der Technischen Universität Dresden},
  date      = {2014},
  subtitle  = {Benutzerhandbuch},
  location  = {Dresden},
  language  = {german},
}
