% This file was created with Citavi 6.3.0.0

@article{Arunchai.2014,
 author = {Arunchai, Thongchai and Sonthipermpoon, Kawin and Apichayakul, Phisut and Tamee, Kreangsak},
 year = {2014},
 title = {Resistance Spot Welding Optimization Based on Artificial Neural Network},
 pages = {1--6},
 volume = {2014},
 issn = {2356-7023},
 journal = {International Journal of Manufacturing Engineering},
 doi = {10.1155/2014/154784},
 file = {423e469e-d46b-4d27-9777-d9c76e1db3e5:C\:\\Users\\Luxc\\AppData\\Local\\Swiss Academic Software\\Citavi 6\\ProjectCache\\rwvct0i560d5xfdl1ib6x3hpbecs8tn8bh86tq\\Citavi Attachments\\423e469e-d46b-4d27-9777-d9c76e1db3e5.pdf:pdf}
}


@article{ElBanna.2008,
 author = {El-Banna, Mahmoud and Filev, Dimitar and Chinnam, Ratna Babu},
 year = {2008},
 title = {Online qualitative nugget classification by using a linear vector quantization neural network for resistance spot welding},
 pages = {237--248},
 volume = {36},
 number = {3-4},
 issn = {0268-3768},
 journal = {The International Journal of Advanced Manufacturing Technology},
 doi = {10.1007/s00170-006-0835-5},
 file = {9abbe9b3-ce83-48a4-897b-5e4b21848c52:C\:\\Users\\Luxc\\AppData\\Local\\Swiss Academic Software\\Citavi 6\\ProjectCache\\rwvct0i560d5xfdl1ib6x3hpbecs8tn8bh86tq\\Citavi Attachments\\9abbe9b3-ce83-48a4-897b-5e4b21848c52.pdf:pdf}
}


@article{ElOuafi.2011b,
 abstract = {Revue de M{\'e}tallurgie},
 author = {{El Ouafi}, A. and B{\'e}langer, R. and M{\'e}thot, J. F.},
 year = {2011},
 title = {Artificial neural network-based resistance spot welding quality assessment system},
 keywords = {artificial neural networks;design of experiments;dynamic resistance;{\'e}valuation de la qualit{\'e} de la soudure;plan d'exp{\'e}riences;r{\'e}seau de neurones;r{\'e}sistance dynamique;Resistance spot welding;Soudage r{\'e}sistif par points;weld quality assessment},
 pages = {343--355},
 volume = {108},
 number = {6},
 issn = {0035-1563},
 journal = {Revue de M{\'e}tallurgie},
 doi = {10.1051/metal/2011066},
 file = {bb482325-43fa-4381-b096-6f8d81cf9a9b:C\:\\Users\\Luxc\\AppData\\Local\\Swiss Academic Software\\Citavi 6\\ProjectCache\\rwvct0i560d5xfdl1ib6x3hpbecs8tn8bh86tq\\Citavi Attachments\\bb482325-43fa-4381-b096-6f8d81cf9a9b.pdf:pdf}
}


@incollection{Haapalainen.2005,
 author = {Haapalainen, Eija and Laurinen, Perttu and Junno, Heli and Tuovinen, Lauri and R{\"o}ning, Juha},
 title = {Methods for Classifying Spot Welding Processes: A Comparative Study of Performance},
 pages = {412--421},
 volume = {3533},
 publisher = {Springer},
 isbn = {978-3-540-26551-1},
 series = {Lecture notes in computer science,   0302-9743},
 editor = {Ali, Moonis and Esposito, Floriana},
 booktitle = {Innovations in applied artificial intelligence},
 year = {2005},
 address = {Berlin and London},
 doi = {10.1007/11504894{\textunderscore }58},
 file = {fb87d9f2-c136-4f8d-9504-87e9fac40668:C\:\\Users\\Luxc\\AppData\\Local\\Swiss Academic Software\\Citavi 6\\ProjectCache\\rwvct0i560d5xfdl1ib6x3hpbecs8tn8bh86tq\\Citavi Attachments\\fb87d9f2-c136-4f8d-9504-87e9fac40668.pdf:pdf}
}


@article{Li.2000,
 author = {Li, Wei and Hu, S. Jack and Ni, Jun},
 year = {2000},
 title = {On-line Quality Estimation in Resistance Spot Welding},
 pages = {511--512},
 volume = {122},
 number = {3},
 issn = {1087-1357},
 journal = {Journal of Manufacturing Science and Engineering},
 doi = {10.1115/1.1286814},
 file = {b6623112-3c6a-45a4-9f5e-e995dabeee6a:C\:\\Users\\Luxc\\AppData\\Local\\Swiss Academic Software\\Citavi 6\\ProjectCache\\rwvct0i560d5xfdl1ib6x3hpbecs8tn8bh86tq\\Citavi Attachments\\b6623112-3c6a-45a4-9f5e-e995dabeee6a.pdf:pdf}
}


@book{Lin.,
 author = {Lin, H.-L},
 title = {Optimization of resistance spot welding process using taguchi method and a neural network},
 keywords = {Characterization and Evaluation of Materials;Materials Science},
 institution = {{SpringerLink (Online service)}},
 file = {http://dx.doi.org/10.1111/j.1747-1567.2007.00186.x},
 file = {http://d-nb.info/1153120291},
 file = {https://doi.org/10.1111/j.1747-1567.2007.00186.x},
 file = {https://d-nb.info/1153120291/34},
 file = {https://nbn-resolving.org/urn:nbn:de:1111-201802221257},
 file = {c8f5e152-fbd4-4ae9-ac4b-cdae08855007:C\:\\Users\\Luxc\\AppData\\Local\\Swiss Academic Software\\Citavi 6\\ProjectCache\\rwvct0i560d5xfdl1ib6x3hpbecs8tn8bh86tq\\Citavi Attachments\\c8f5e152-fbd4-4ae9-ac4b-cdae08855007.pdf:pdf}
}


@inproceedings{Muniategui.2017,
 author = {Muniategui, Ander and Heriz, Borja and Eciolaza, Luka and Ayuso, Mikel and Iturrioz, Amaia and Quintana, Ion and Alvarez, Pedro},
 title = {Spot welding monitoring system based on fuzzy classification and deep learning},
 pages = {1--6},
 publisher = {IEEE},
 isbn = {978-1-5090-6034-4},
 booktitle = {FUZZ-IEEE 2017},
 year = {2017},
 address = {[Piscataway, NJ]},
 doi = {10.1109/FUZZ-IEEE.2017.8015618},
 file = {http://ieeexplore.ieee.org/document/8015618/},
 file = {75cb49b0-3447-44a8-b6aa-837fa758b222:C\:\\Users\\Luxc\\AppData\\Local\\Swiss Academic Software\\Citavi 6\\ProjectCache\\rwvct0i560d5xfdl1ib6x3hpbecs8tn8bh86tq\\Citavi Attachments\\75cb49b0-3447-44a8-b6aa-837fa758b222.pdf:pdf}
}


@misc{Uran.2004,
 abstract = {In der Dissertation wird ein neues Verfahren zur {\"U}berwachung der Qualit{\"a}t beim Widerstandspunktschwei{\ss}en vorgestellt. Die Besonderheit dieses Verfahrens ist die Verbindung verschiedener mathematischer und nummerischer Methoden, deren Grundlage ein selbstlernender Merkmalsraum mit einer dynamischen Anzahl von Dimensionen und Merkmalen am Eingang ist. Als Vorbereitung der Eingabedaten kommen Prinzipien zur Anwendung, die aus dem mathematischen Modellieren physikalischer Prozesse w{\"a}hrend des Widerstandspunktschwei{\ss}ens bekannt sind. Zu diesem Zweck wurden Messungen des Schwei{\ss}stroms, der Schwei{\ss}spannung, der Elektrodenkraft, des Elektrodenhubs und der Elektrodenbeschleunigung w{\"a}hrend des Schwei{\ss}ens durchgef{\"u}hrt. Ferner wurden diese Kenngr{\"o}{\ss}en nach dem Schwei{\ss}en einer Wahrscheinlichkeitsanalyse mit dem Schwei{\ss}punktdurchmesser unterzogen. Bei der Verkn{\"u}pfung der Eing{\"a}nge mit den Zust{\"a}nden und den Ausgabeparametern wurde vom Prinzip der nichtkorrelierenden Verkn{\"u}pfung aller Eing{\"a}nge mit allen Knoten und von einer Feed-back-Optimierung der Parameter Gebrauch gemacht. Das verwendete Selbstlernverfahren entspricht dem K{\"u}nstlicher Neuronaler Netze. Die Grundlage f{\"u}r die Entscheidung im Merkmalsraum bildet die Korrelationsanalyse mit dem Qualit{\"a}tsparameter (Schwei{\ss}punktdurchmesser). Ein Computerprogramm wurde ausgearbeitet und vorgestellt, welches das beschriebene Verfahren ausf{\"u}hrt. In der {\"U}berpr{\"u}fungsphase sind f{\"u}r den Fahrzeugbau typische Punktschwei{\ss}verfahren zur Anwendung gekommen. Das Ergebnis des vorgestellten Verfahrens ist die Kombination der {\"U}berwachungsparameter im mehrdimensionalen rechteckigen Raum mit optimierten, scharf definierten Grenzen f{\"u}r jede einzelne Versuchsreihe. Des Weiteren wurde eine Wahrscheinlichkeitsanalyse der einzelnen Parameter und R{\"a}ume mit dem Qualit{\"a}tsparameter durchgef{\"u}hrt. Ferner wurde die notwendige Anzahl der {\"U}berwachungsparameter analysiert und miteinander verglichen.

A new principle of quality control in resistance spot welding is presented. A peculiarity of the principle is that it combines different mathematical and numerical methods. It is based on a learning state-space including a dynamic number of phases and dimensions at the input. Principles applied to mathematical modelling of the events occurring in the course of resistance spot welding serve as a basis for an advance preparation of the input data. The measurements of input data, i. e. a welding current, a welding voltage, a electrode force, electrode accelerations and paths during welding, and a diameter of the weld spot for a correlation analysis after welding were performed. In combining the inputs with the states and the output parameters the principle of uncorrelated combination of all the inputs with all the knots and that of feed-back optimization of dimensions were employed. The process of self-learning is taken from the methods of artificial neural networks. A basis of decision-making in a network is a correlation analysis with the quality parameter (nugget diameter). A computer program employing the method described has been elaborated and described. The testing process employed practical cases typical of the automobile industry. This resulted in a combination of control parameters in a multi-dimensional rectangular space with optimized, strictly determined limits separately for each testing series. Correlation and probability analyses of individual parameters and spaces with the quality parameter were accomplished. An analysis of the required number of control parameters and a comparative analysis of the latter are treated as well.},
 author = {Uran, Miro},
 date = {2004},
 title = {Qualit{\"a}ts{\"u}berwachung beim Widerstandspunktschwei{\ss}en mittels mehrparametrischer Analyse},
 keywords = {670 Industrielle Fertigung;Merkmalsraum;Qualit{\"a}tskontrolle;Quality control;Resistance spot welding;Selbstlernverfahren;Self-learning;State-space;Widerstandspunktschwei{\ss}en},
 publisher = {{Technische Universit{\"a}t Berlin}},
 doi = {10.14279/DEPOSITONCE-1007},
 file = {89d6b82e-a167-4933-af1f-c89cafd52180:C\:\\Users\\Luxc\\AppData\\Local\\Swiss Academic Software\\Citavi 6\\ProjectCache\\rwvct0i560d5xfdl1ib6x3hpbecs8tn8bh86tq\\Citavi Attachments\\89d6b82e-a167-4933-af1f-c89cafd52180.pdf:pdf}
}


@article{Wan.2017,
 author = {Wan, Xiaodong and Wang, Yuanxun and Zhao, Dawei and Huang, YongAn and Yin, Zhouping},
 year = {2017},
 title = {Weld quality monitoring research in small scale resistance spot welding by dynamic resistance and neural network},
 pages = {120--127},
 volume = {99},
 issn = {02632241},
 journal = {Measurement},
 doi = {10.1016/j.measurement.2016.12.010},
 file = {671b1d79-25ea-4ac5-8fcb-29c0152e3a6e:C\:\\Users\\Luxc\\AppData\\Local\\Swiss Academic Software\\Citavi 6\\ProjectCache\\rwvct0i560d5xfdl1ib6x3hpbecs8tn8bh86tq\\Citavi Attachments\\671b1d79-25ea-4ac5-8fcb-29c0152e3a6e.pdf:pdf}
}


@article{Zhang.2017,
 author = {Zhang, Hongjie and Hou, Yanyan and Zhao, Jian and Wang, Lijing and Xi, Tao and Li, Yafeng},
 year = {2017},
 title = {Automatic welding quality classification for the spot welding based on the Hopfield associative memory neural network and Chernoff face description of the electrode displacement signal features},
 pages = {1035--1043},
 volume = {85},
 issn = {08883270},
 journal = {Mechanical Systems and Signal Processing},
 doi = {10.1016/j.ymssp.2016.06.036}
}


@article{Zhao.2020,
 author = {Zhao, Dawei and Wang, Yuanxun and Liang, Dongjie and Ivanov, Mikhail},
 year = {2020},
 title = {Performances of regression model and artificial neural network in monitoring welding quality based on power signal},
 pages = {1231--1240},
 volume = {9},
 number = {2},
 issn = {22387854},
 journal = {Journal of Materials Research and Technology},
 doi = {10.1016/j.jmrt.2019.11.050},
 file = {eb1c56f0-c5ff-4e95-b0aa-aa5d17e26cd2:C\:\\Users\\Luxc\\AppData\\Local\\Swiss Academic Software\\Citavi 6\\ProjectCache\\rwvct0i560d5xfdl1ib6x3hpbecs8tn8bh86tq\\Citavi Attachments\\eb1c56f0-c5ff-4e95-b0aa-aa5d17e26cd2.pdf:pdf}
}


